1774 3106
849 104 924 140 XX

662 256 1120 318 VERSIONES.

253 357 464 400 amatim.
492 358 624 399 Prima
650 362 708 396 eet
734 357 849 397 Laur.
874 357 989 395 Valloe
1017 369 1041 395 a
1070 358 1184 395 1452.
1219 355 1334 399 facta,
1361 358 1480 406 atque
1508 355 1588 405 pri-

299 434 408 461 mum
425 433 510 461 saec.
524 421 614 460 XV.
631 421 704 460 s.1.
731 426 772 459 et
798 433 832 459 a.
862 426 968 464 nota,
999 425 1041 464 4,·
1067 423 1154 458 tum
1180 419 1318 469 saepius
1345 418 1459 457 edita.
1504 417 1585 455 Re·

297 489 565 536 cognoverunt
582 496 670 523 eam
688 484 807 522 Conr.
828 483 1127 527 Heresbachius,
1147 482 1231 520 Col.
1253 484 1367 524 1527.
1383 480 1412 519 f.
1447 479 1591 518 Sebast.

304 549 470 586 Castalio
495 546 585 585 Bas.
616 549 729 584 1564.
757 547 785 584 f.
814 546 930 584 Henr.
962 545 1172 594 Stephanus
1204 547 1318 583 1562.
1345 549 1386 582 et
1411 543 1588 582 Francof.

303 615 414 650 1582.
437 613 497 649 12.
514 610 697 648 AEmilius
716 609 853 648 Portus
874 612 986 648 1594.
1004 608 1031 647 f.
1045 620 1136 646 cum
1154 612 1264 646 textu
1289 618 1350 658 gr.
1381 611 1422 645 et
1438 617 1590 658 separa-

297 675 372 714 tim
393 677 506 713 1594.
530 676 589 711 12.

248 737 424 776 Secunda
443 741 501 774 est
523 735 602 774 Vni
622 735 824 779 Winsemii,
844 735 977 784 patris,
994 734 1074 773 Vit.
1097 737 1210 774 1569.
1229 733 1255 771 f.
1275 736 1389 772 1580.
1408 736 1446 770 8.

224 803 227 811 '
247 800 382 840 Tertia
405 801 555 851 Geor‘gii
571 799 703 838 Aeacii
721 798 911 836 Enenckel
926 797 973 836 L.
992 797 1038 836 Β.
1056 797 1261 836 Hohenecfi
1278 808 1371 835 cnm
1397 799 1588 834 annotatt.

297 864 509 914 perpetuis,
529 863 734 901 nominum
751 862 845 900 item
861 862 1123 912 propriorum,
1143 865 1224 898 tam
1251 860 1457 899 hominum
1474 869 1591 910 quam

303 927 515 976 regionum
547 930 622 963 etc.
652 923 988 974 descriptionibus,
1019 923 1332 975 chronographia
1352 924 1519 972 >insuper
1549 921 1592 958 in

299 988 474 1038 Thucyd.
492 994 536 1026 et
552 988 690 1025 veteris
708 987 870 1025 Graecioe
889 986 1138 1038 Geographia
1164 987 1281 1025 aeneis
1303 986 1404 1037 typis
1430 984 1590 1023 seorsim

298 1064 452 1091 excusa.
507 1051 609 1090 Tub.
633 1054 747 1091 1596.
766 1053 802 1088 8.
820 1051 1030 1101 Argentor.
1054 1052 1166 1087 1614.
1186 1053 1225 1088 8.

249 1115 462 1153 Hudsonus
484 1115 699 1152 versionem
725 1112 833 1151 AEm.
852 1112 963 1150 Porti
984 1112 1039 1161 (h.
1065 1124 1099 1150 e.
1129 1124 1153 1149 a
1179 1111 1300 1149 Porto
1328 1109 1588 1161 recognitam)
1660 1149 1661 1152 Ἴ

197 1179 345 1230 aliquot
372 1178 465 1216 locis
490 1177 692 1227 castigavit
718 1175 900 1213 adhibitis
934 1175 1072 1213 ceteris
1101 1173 1340 1212 versionibus
1370 1171 1521 1210 Latinis
1550 1178 1590 1208 et

196 1243 339 1294 gallica
355 1241 609 1282 Ablancurtii‚
639 1245 754 1290 atque
781 1238 936 1289 anglica
960 1237 1160 1276 Hobboeii.
1213 1236 1330 1275 Hanc
1355 1236 1484 1275 Oxon.
1510 1235 1590 1273 edi·

197 1306 314 1344 tionis
331 1304 696 1353 interpretationem
712 1302 870 1352 repetiit
887 1300 1085 1340 Dukerus.

248 1368 458 1406 Orationes
491 1378 540 1405 ex
574 1366 735 1404 historia
766 1364 940 1415 Thucyd.
976 1363 1096 1403 latine
1138 1367 1340 1402 verterunt
1375 1362 1476 1402 Phil.
1508 1361 1595 1401 Me·

198 1432 399 1470 lanchtlzon
415 1430 543 1469 Viteb.
567 1432 680 1467 1562.
699 1428 964 1467 8.-Joannes
991 1429 1089 1466 Casa
1111 1426 1231 1478 (della
1258 1426 1376 1473 Casa)
1401 1426 1592 1477 archiepi-

195 1507 334 1545 scopus
362 1494 664 1531 Beneventanus
694 1492 883 1541 (Florent.
912 1494 1026 1530 1564.
1045 1490 1100 1539 8.)
1134 1491 1176 1528 in
1203 1487 1301 1537 Ejus
1326 1491 1590 1533 monumentis

196 1558 340 1600 latinis,
359 1560 400 1594 et
425 1556 635 1606 separatim
653 1554 819 1592 Helmst.
843 1558 954 1592 1610.
974 1557 1010 1592 4.
1042 1566 1133 1592 cnm
1161 1552 1268 1603 praet'.
1286 1551 1376 1590 Joh.
1395 1552 1533 1590 cmlii
1550 1558 1591 1589 et

197 1619 510 1671 saepius-Jobus
542 1617 921 1656 Veratius-Periclis
952 1618 1169 1656 orationem
1201 1616 1301 1654 Guil.
1325 1615 1514 1659 Cametas,
1540 1614 1590 1653 ad

196 1685 343 1725 calcem
367 1687 482 1721 omtt.
501 1682 904 1734 Aristidis—insignes
935 1682 1039 1720 locos
1064 1694 1087 1719 e
1112 1680 1236 1719 Thuc.
1263 1679 1426 1718 historia
1453 1679 1589 1719 Joach.

201 1750 434 1788 Camerarius
449 1746 579 1785 Viteb.
602 1749 716 1785 1565.
733 1750 770 1785 8.

249 1812 310 1850 Cf.
341 1811 403 1849 J0.
440 1809 580 1848 Caselii
614 1809 894 1860 prolegomena
926 1809 970 1846 in
1002 1807 1177 1859 Thucyd.
1211 1808 1589 1859 interpretationem.

301 1871 413 1910 nost.
440 1875 554 1914 1576.
581 1875 620 1909 4.
650 1868 774 1920 ejusd.
807 1871 1055 1921 Thucydidea,
1086 1870 1191 1908 edita
1220 1870 1270 1908 ab
1295 1870 1336 1908 J.
1360 1870 1411 1909 H.
1429 1870 1588 1916 Acheru,

301 1936 390 1974 σου.
412 1938 525 1978 1714.
546 1937 583 1973 3.
627 1985 629 1988 ι
847 1947 851 1950 ’
1055 1936 1057 1938 ·
1475 1928 1496 1945 s

247 2001 283 2039 b.
302 1999 544 2039 Germanicae
560 2002 672 2036 sunt:
703 1998 921 2046 Hieronymi
940 1997 1089 2040 Boneri‚
1108 1996 1284 2046 praetoris
1302 1995 1470 2035 Colmar.
1505 1995 1587 2035 Au·

299 2066 425 2114 gustae
442 2060 559 2098 Vind.
582 2063 695 2098 1533.
714 2059 741 2097 f.
795 2058 939 2097 Studiis
965 2059 1157 2097 societatis
1179 2059 1353 2096 virorum
1369 2059 1588 2103 doctorum,

302 2123 479 2163 Franoef.
507 2127 549 2161 et
573 2123 621 2162 L.
643 2125 756 2166 1757.
785 2122 892 2160 11.4.
924 2123 1061 2172 (etiam
1087 2127 1184 2161 tom.
1213 2121 1265 2160 X.
1284 2121 1450 2172 Operis:
1479 2121 1589 2161 Neve

301 2187 533 2236 Sammlung
549 2185 620 2224 der
637 2184 989 2235 merkwiirdigsten
1006 2183 1405 2236 Reisegeschichten).

258 2250 484 2299 Thucydides
500 2250 604 2288 Acht
629 2249 788 2287 Biicher
812 2248 883 2286 der
900 2248 1038 2287 Gesch.
1064 2260 1166 2288 vom.
1193 2249 1401 2299 peloponn.
1426 2247 1589 2300 Kriege.

301 2314 382 2352 Aus
408 2313 499 2351 dem
517 2311 674 2350 Griech.
693 2311 779 2350 mit.
801 2311 928 2349 vielen
945 2311 1029 2351 crit.
1055 2310 1366 2364 Anmerkungen
1390 2310 1589 2350 ubersetzt

300 2386 378 2413 von
395 2374 481 2413 Joh.
501 2375 601 2413 Dav.
619 2374 833 2413 Heilmann.
886 2373 1039 2425 Lemgo
1060 2377 1174 2418 1760.
1193 2378 1229 2413 8.
1593 2369 1596 2374 “

249 2429 458 2484 Orationes
477 2437 601 2476 Thuc.
618 2437 841 2489 germanice
856 2448 984 2475 versas
1000 2449 1090 2475 cum
1110 2438 1212 2475 notis
1228 2434 1360 2476 latinis
1376 2437 1518 2475 criticis
1544 2438 1588 2475 in

301 2514 437 2542 omnes
453 2501 576 2540 Thuc.
594 2501 714 2539 libros
731 2500 851 2539 edidit
865 2501 927 2539 Jo.
945 2500 1029 2539 Jac.
1046 2500 1231 2538 Reiskius.
1283 2499 1391 2550 Lips.
1412 2503 1526 2543 1761.
1545 2503 1584 2539 8.

249 2560 282 2606 ό.
308 2565 475 2617 Anglica
486 2563 757 2614 antiquissima
773 2567 831 2600 est
850 2564 939 2602 Τὴο.
959 2563 1103 2601 Nicolls
1120 2575 1200 2601 non
1215 2576 1264 2602 ex
1289 2574 1433 2614 groeco,
1450 2563 1518 2603 sed
1535 2575 1586 2602 ex

299 2628 442 2680 gallico
457 2627 631 2678 Seysselii
647 2625 761 2665 facta.
812 2625 940 2665 Lond.
962 2629 1075 2665 1515.
1096 2627 1122 2665 f.
1145 2630 1202 2679 (et
1220 2627 1351 2675 1550.)
1383 2624 1499 2668 Hane
1515 2638 1584 2667 ex·

299 2697 511 2743 ceperunt:

246 2751 331 2794 The
363 2753 523 2804 Histoi-y
550 2751 597 2793 of
615 2753 682 2793 the
709 2752 877 2792 Greeian
903 2748 1011 2798 War.
1039 2753 1081 2792 in
1107 2755 1132 2791 8
1157 2750 1301 2791 Books.
1332 2750 1506 2797 Written
1531 2750 1582 2802 by
