<?xml version="1.0" encoding="UTF-8"?>
<!DOCTYPE html PUBLIC "-//W3C//DTD XHTML 1.0 Transitional//EN"
    "http://www.w3.org/TR/xhtml1/DTD/xhtml1-transitional.dtd">
<html xmlns="http://www.w3.org/1999/xhtml" xml:lang="en" lang="en">
 <head>
  <title>
</title>
<meta http-equiv="Content-Type" content="text/html;charset=utf-8" />
  <meta name='ocr-system' content='tesseract 3.04.00' />
  <meta name='ocr-capabilities' content='ocr_page ocr_carea ocr_par ocr_line ocrx_word'/>
</head>
<body>
  <div class='ocr_page' id='page_1' title='image "./peloponnescia01thucuoft_0012.png"; bbox 0 0 1774 3106; ppageno 0'>
   <div class='ocr_carea' id='block_1_1' title="bbox 908 141 961 193">
    <p class='ocr_par' dir='ltr' id='par_1_1' title="bbox 908 141 961 193">
     <span class='ocr_line' id='line_1_1' title="bbox 908 141 961 193; baseline -0.038 0"><span class='ocrx_word' id='word_1_1' title='bbox 908 141 961 193; x_wconf 90' lang='lat' dir='ltr'><strong>iv</strong></span> 
     </span>
    </p>
   </div>
   <div class='ocr_carea' id='block_1_2' title="bbox 226 262 1632 2802">
    <p class='ocr_par' dir='ltr' id='par_1_2' title="bbox 226 262 1632 2802">
     <span class='ocr_line' id='line_1_2' title="bbox 244 262 1632 337; baseline -0.004 -13"><span class='ocrx_word' id='word_1_2' title='bbox 244 269 374 334; x_wconf 88' lang='lat' dir='ltr'><strong>divi,</strong></span> <span class='ocrx_word' id='word_1_3' title='bbox 399 265 459 324; x_wconf 81' lang='lat' dir='ltr'><strong>et</strong></span> <span class='ocrx_word' id='word_1_4' title='bbox 489 287 618 323; x_wconf 88' lang='lat' dir='ltr'><strong>vero</strong></span> <span class='ocrx_word' id='word_1_5' title='bbox 659 268 752 322; x_wconf 91' lang='lat' dir='ltr'><strong>alii</strong></span> <span class='ocrx_word' id='word_1_6' title='bbox 790 269 989 331; x_wconf 88' lang='lat' dir='ltr'><strong>sciunt,</strong></span> <span class='ocrx_word' id='word_1_7' title='bbox 1016 283 1146 321; x_wconf 90' lang='lat' dir='ltr'><strong>cum</strong></span> <span class='ocrx_word' id='word_1_8' title='bbox 1185 283 1376 320; x_wconf 88' lang='lat' dir='ltr'><strong>omnes</strong></span> <span class='ocrx_word' id='word_1_9' title='bbox 1403 262 1632 337; x_wconf 85' lang='lat' dir='ltr'><strong>scripto·</strong></span> 
     </span>
     <span class='ocr_line' id='line_1_3' title="bbox 243 353 1632 426; baseline -0.004 -19"><span class='ocrx_word' id='word_1_10' title='bbox 243 372 326 408; x_wconf 87' lang='lat' dir='ltr'><strong>res</strong></span> <span class='ocrx_word' id='word_1_11' title='bbox 360 355 476 426; x_wconf 85' lang='lat' dir='ltr'><strong>pari</strong></span> <span class='ocrx_word' id='word_1_12' title='bbox 505 355 616 408; x_wconf 89' lang='lat' dir='ltr'><strong>fere</strong></span> <span class='ocrx_word' id='word_1_13' title='bbox 651 353 1162 424; x_wconf 78' lang='lat' dir='ltr'><strong>amore&#39;studioque</strong></span> <span class='ocrx_word' id='word_1_14' title='bbox 1191 357 1632 424; x_wconf 82' lang='lat' dir='ltr'><strong>prosequeretur,</strong></span> 
     </span>
     <span class='ocr_line' id='line_1_4' title="bbox 246 434 1628 511; baseline -0.007 -18"><span class='ocrx_word' id='word_1_15' title='bbox 246 437 502 493; x_wconf 82' lang='lat' dir='ltr'><strong>Ciceroni</strong></span> <span class='ocrx_word' id='word_1_16' title='bbox 542 448 729 492; x_wconf 88' lang='lat' dir='ltr'><strong>tamen</strong></span> <span class='ocrx_word' id='word_1_17' title='bbox 769 457 883 511; x_wconf 84' lang='lat' dir='ltr'><strong>prae</strong></span> <span class='ocrx_word' id='word_1_18' title='bbox 923 437 1116 493; x_wconf 88' lang='lat' dir='ltr'><strong>ceteris</strong></span> <span class='ocrx_word' id='word_1_19' title='bbox 1157 436 1411 492; x_wconf 89' lang='lat' dir='ltr'><strong>deditum</strong></span> <span class='ocrx_word' id='word_1_20' title='bbox 1443 434 1628 488; x_wconf 87' lang='lat' dir='ltr'><strong>fuisse.</strong></span> 
     </span>
     <span class='ocr_line' id='line_1_5' title="bbox 245 517 1631 593; baseline -0.006 -14"><span class='ocrx_word' id='word_1_21' title='bbox 245 524 417 579; x_wconf 90' lang='lat' dir='ltr'><strong>Hunc</strong></span> <span class='ocrx_word' id='word_1_22' title='bbox 453 525 712 578; x_wconf 88' lang='lat' dir='ltr'><strong>nimirum</strong></span> <span class='ocrx_word' id='word_1_23' title='bbox 753 533 808 578; x_wconf 91' lang='lat' dir='ltr'><strong>et</strong></span> <span class='ocrx_word' id='word_1_24' title='bbox 844 525 901 577; x_wconf 91' lang='lat' dir='ltr'><strong>in</strong></span> <span class='ocrx_word' id='word_1_25' title='bbox 945 522 1134 576; x_wconf 82' lang='lat' dir='ltr'><strong>schola</strong></span> <span class='ocrx_word' id='word_1_26' title='bbox 1175 520 1424 593; x_wconf 88' lang='lat' dir='ltr'><strong>pluribus</strong></span> <span class='ocrx_word' id='word_1_27' title='bbox 1465 517 1631 580; x_wconf 84' lang='lat' dir='ltr'><strong>horiS,</strong></span> 
     </span>
     <span class='ocr_line' id='line_1_6' title="bbox 244 603 1632 680; baseline -0.006 -17"><span class='ocrx_word' id='word_1_28' title='bbox 244 626 418 680; x_wconf 90' lang='lat' dir='ltr'><strong>quam</strong></span> <span class='ocrx_word' id='word_1_29' title='bbox 446 609 598 672; x_wconf 86' lang='lat' dir='ltr'><strong>alios,</strong></span> <span class='ocrx_word' id='word_1_30' title='bbox 629 609 766 680; x_wconf 90' lang='lat' dir='ltr'><strong>quin</strong></span> <span class='ocrx_word' id='word_1_31' title='bbox 808 607 1024 661; x_wconf 85' lang='lat' dir='ltr'><strong>assidue</strong></span> <span class='ocrx_word' id='word_1_32' title='bbox 1060 614 1116 659; x_wconf 88' lang='lat' dir='ltr'><strong>et</strong></span> <span class='ocrx_word' id='word_1_33' title='bbox 1155 605 1439 666; x_wconf 86' lang='lat' dir='ltr'><strong>continuO,</strong></span> <span class='ocrx_word' id='word_1_34' title='bbox 1466 603 1632 655; x_wconf 89' lang='lat' dir='ltr'><strong>inter-</strong></span> 
     </span>
     <span class='ocr_line' id='line_1_7' title="bbox 242 685 1631 766; baseline -0.006 -19"><span class='ocrx_word' id='word_1_35' title='bbox 242 694 599 766; x_wconf 80' lang='lat' dir='ltr'><strong>pretabatur3</strong></span> <span class='ocrx_word' id='word_1_36' title='bbox 655 693 709 745; x_wconf 92' lang='lat' dir='ltr'><strong>in</strong></span> <span class='ocrx_word' id='word_1_37' title='bbox 751 692 857 747; x_wconf 91' lang='lat' dir='ltr'><strong>hoc</strong></span> <span class='ocrx_word' id='word_1_38' title='bbox 895 689 1132 763; x_wconf 82' lang='lat' dir='ltr'><strong>legendo</strong></span> <span class='ocrx_word' id='word_1_39' title='bbox 1170 705 1391 760; x_wconf 88' lang='lat' dir='ltr'><strong>semper</strong></span> <span class='ocrx_word' id='word_1_40' title='bbox 1428 685 1631 741; x_wconf 88' lang='lat' dir='ltr'><strong>versari</strong></span> 
     </span>
     <span class='ocr_line' id='line_1_8' title="bbox 231 773 1629 850; baseline -0.006 -16"><span class='ocrx_word' id='word_1_41' title='bbox 231 778 504 850; x_wconf 57' lang='lat' dir='ltr'><strong>jubebam</strong></span> <span class='ocrx_word' id='word_1_42' title='bbox 534 777 687 848; x_wconf 85' lang='lat' dir='ltr'><strong>quod</strong></span> <span class='ocrx_word' id='word_1_43' title='bbox 715 776 897 848; x_wconf 87' lang='lat' dir='ltr'><strong>ipsum</strong></span> <span class='ocrx_word' id='word_1_44' title='bbox 922 775 1087 847; x_wconf 88' lang='lat' dir='ltr'><strong>(adeo</strong></span> <span class='ocrx_word' id='word_1_45' title='bbox 1114 792 1215 827; x_wconf 91' lang='lat' dir='ltr'><strong>sua</strong></span> <span class='ocrx_word' id='word_1_46' title='bbox 1241 773 1448 843; x_wconf 85' lang='lat' dir='ltr'><strong>cuique</strong></span> <span class='ocrx_word' id='word_1_47' title='bbox 1471 788 1629 826; x_wconf 88' lang='lat' dir='ltr'><strong>mens</strong></span> 
     </span>
     <span class='ocr_line' id='line_1_9' title="bbox 240 851 1629 934; baseline -0.005 -18"><span class='ocrx_word' id='word_1_48' title='bbox 240 872 342 926; x_wconf 89' lang='lat' dir='ltr'><strong>est,</strong></span> <span class='ocrx_word' id='word_1_49' title='bbox 369 881 531 919; x_wconf 87' lang='lat' dir='ltr'><strong>suum</strong></span> <span class='ocrx_word' id='word_1_50' title='bbox 572 863 874 934; x_wconf 84' lang='lat' dir='ltr'><strong>ingenium,</strong></span> <span class='ocrx_word' id='word_1_51' title='bbox 907 851 1008 915; x_wconf 86' lang='lat' dir='ltr'><strong>sua</strong></span> <span class='ocrx_word' id='word_1_52' title='bbox 1048 876 1346 932; x_wconf 33' lang='lat' dir='ltr'><strong>quemque·</strong></span> <span class='ocrx_word' id='word_1_53' title='bbox 1370 856 1629 929; x_wconf 86' lang='lat' dir='ltr'><strong>voluptas</strong></span> 
     </span>
     <span class='ocr_line' id='line_1_10' title="bbox 241 942 1630 1019; baseline -0.005 -17"><span class='ocrx_word' id='word_1_54' title='bbox 241 947 459 1014; x_wconf 81' lang='lat' dir='ltr'><strong>trahitl)</strong></span> <span class='ocrx_word' id='word_1_55' title='bbox 492 966 563 1003; x_wconf 89' lang='lat' dir='ltr'><strong>ne</strong></span> <span class='ocrx_word' id='word_1_56' title='bbox 602 947 877 1019; x_wconf 88' lang='lat' dir='ltr'><strong>discipulo</strong></span> <span class='ocrx_word' id='word_1_57' title='bbox 917 945 1144 1017; x_wconf 90' lang='lat' dir='ltr'><strong>quidem</strong></span> <span class='ocrx_word' id='word_1_58' title='bbox 1186 943 1338 1006; x_wconf 86' lang='lat' dir='ltr'><strong>mihi,</strong></span> <span class='ocrx_word' id='word_1_59' title='bbox 1371 951 1491 998; x_wconf 88' lang='lat' dir='ltr'><strong>tum</strong></span> <span class='ocrx_word' id='word_1_60' title='bbox 1529 942 1630 995; x_wconf 93' lang='lat' dir='ltr'><strong>im-</strong></span> 
     </span>
     <span class='ocr_line' id='line_1_11' title="bbox 241 1027 1628 1104; baseline -0.005 -17"><span class='ocrx_word' id='word_1_61' title='bbox 241 1051 412 1104; x_wconf 88' lang='lat' dir='ltr'><strong>pense</strong></span> <span class='ocrx_word' id='word_1_62' title='bbox 440 1033 652 1086; x_wconf 87' lang='lat' dir='ltr'><strong>amanti</strong></span> <span class='ocrx_word' id='word_1_63' title='bbox 687 1032 1012 1104; x_wconf 86' lang='lat' dir='ltr'><strong>magistrum</strong></span> <span class='ocrx_word' id='word_1_64' title='bbox 1038 1038 1095 1085; x_wconf 85' lang='lat' dir='ltr'><strong>et</strong></span> <span class='ocrx_word' id='word_1_65' title='bbox 1124 1029 1286 1083; x_wconf 83' lang='lat' dir='ltr'><strong>unice</strong></span> <span class='ocrx_word' id='word_1_66' title='bbox 1313 1027 1628 1090; x_wconf 80' lang='lat' dir='ltr'><strong>admiranti,</strong></span> 
     </span>
     <span class='ocr_line' id='line_1_12' title="bbox 239 1101 1628 1188; baseline -0.004 -18"><span class='ocrx_word' id='word_1_67' title='bbox 239 1115 613 1188; x_wconf 88' lang='lat' dir='ltr'><strong>persuaderet,</strong></span> <span class='ocrx_word' id='word_1_68' title='bbox 647 1128 747 1177; x_wconf 86' lang='lat' dir='ltr'><strong>aut</strong></span> <span class='ocrx_word' id='word_1_69' title='bbox 784 1116 1038 1187; x_wconf 83' lang='lat' dir='ltr'><strong>eriperet,</strong></span> <span class='ocrx_word' id='word_1_70' title='bbox 1065 1101 1203 1185; x_wconf 71' lang='lat' dir='ltr'><strong>quin</strong></span> <span class='ocrx_word' id='word_1_71' title='bbox 1246 1113 1426 1166; x_wconf 89' lang='lat' dir='ltr'><strong>multo</strong></span> <span class='ocrx_word' id='word_1_72' title='bbox 1453 1111 1628 1184; x_wconf 87' lang='lat' dir='ltr'><strong>magis</strong></span> 
     </span>
     <span class='ocr_line' id='line_1_13' title="bbox 236 1196 1629 1272; baseline -0.003 -17"><span class='ocrx_word' id='word_1_73' title='bbox 236 1200 503 1260; x_wconf 84' lang='lat' dir='ltr'><strong>invitatus</strong></span> <span class='ocrx_word' id='word_1_74' title='bbox 531 1209 742 1254; x_wconf 88' lang='lat' dir='ltr'><strong>tenerer</strong></span> <span class='ocrx_word' id='word_1_75' title='bbox 770 1199 1050 1272; x_wconf 85' lang='lat' dir='ltr'><strong>periodica</strong></span> <span class='ocrx_word' id='word_1_76' title='bbox 1081 1199 1224 1253; x_wconf 88' lang='lat' dir='ltr'><strong>Livii</strong></span> <span class='ocrx_word' id='word_1_77' title='bbox 1250 1196 1629 1270; x_wconf 77' lang='lat' dir='ltr'><strong>implicatione</strong></span> 
     </span>
     <span class='ocr_line' id='line_1_14' title="bbox 239 1284 1629 1358; baseline -0.004 -18"><span class='ocrx_word' id='word_1_78' title='bbox 239 1295 297 1340; x_wconf 87' lang='lat' dir='ltr'><strong>et</strong></span> <span class='ocrx_word' id='word_1_79' title='bbox 336 1285 852 1358; x_wconf 81' lang='lat' dir='ltr'><strong>coagmentatione3</strong></span> <span class='ocrx_word' id='word_1_80' title='bbox 895 1303 1069 1356; x_wconf 84' lang='lat' dir='ltr'><strong>quam</strong></span> <span class='ocrx_word' id='word_1_81' title='bbox 1107 1284 1186 1339; x_wconf 87' lang='lat' dir='ltr'><strong>ita</strong></span> <span class='ocrx_word' id='word_1_82' title='bbox 1226 1284 1448 1356; x_wconf 88' lang='lat' dir='ltr'><strong>penitus</strong></span> <span class='ocrx_word' id='word_1_83' title='bbox 1478 1301 1629 1336; x_wconf 89' lang='lat' dir='ltr'><strong>com-</strong></span> 
     </span>
     <span class='ocr_line' id='line_1_15' title="bbox 237 1368 1630 1434; baseline -0.002 -10"><span class='ocrx_word' id='word_1_84' title='bbox 237 1371 491 1434; x_wconf 90' lang='lat' dir='ltr'><strong>biberim‚</strong></span> <span class='ocrx_word' id='word_1_85' title='bbox 533 1379 597 1424; x_wconf 85' lang='lat' dir='ltr'><strong>ut</strong></span> <span class='ocrx_word' id='word_1_86' title='bbox 636 1371 808 1424; x_wconf 86' lang='lat' dir='ltr'><strong>etiam</strong></span> <span class='ocrx_word' id='word_1_87' title='bbox 859 1371 916 1423; x_wconf 89' lang='lat' dir='ltr'><strong>in</strong></span> <span class='ocrx_word' id='word_1_88' title='bbox 960 1388 1145 1425; x_wconf 87' lang='lat' dir='ltr'><strong>meam</strong></span> <span class='ocrx_word' id='word_1_89' title='bbox 1196 1368 1506 1422; x_wconf 83' lang='lat' dir='ltr'><strong>orationem</strong></span> <span class='ocrx_word' id='word_1_90' title='bbox 1550 1385 1630 1421; x_wconf 81' lang='lat' dir='ltr'><strong>re·-</strong></span> 
     </span>
     <span class='ocr_line' id='line_1_16' title="bbox 239 1452 1630 1525; baseline -0.004 -15"><span class='ocrx_word' id='word_1_91' title='bbox 239 1455 519 1518; x_wconf 85' lang='lat' dir='ltr'><strong>dundarit,</strong></span> <span class='ocrx_word' id='word_1_92' title='bbox 540 1456 811 1509; x_wconf 90' lang='lat' dir='ltr'><strong>breviores</strong></span> <span class='ocrx_word' id='word_1_93' title='bbox 838 1455 1138 1511; x_wconf 88' lang='lat' dir='ltr'><strong>sententias</strong></span> <span class='ocrx_word' id='word_1_94' title='bbox 1165 1453 1331 1525; x_wconf 87' lang='lat' dir='ltr'><strong>plane</strong></span> <span class='ocrx_word' id='word_1_95' title='bbox 1357 1452 1630 1524; x_wconf 86' lang='lat' dir='ltr'><strong>refugien-</strong></span> 
     </span>
     <span class='ocr_line' id='line_1_17' title="bbox 239 1538 1629 1613; baseline -0.002 -18"><span class='ocrx_word' id='word_1_96' title='bbox 239 1549 371 1604; x_wconf 87' lang='lat' dir='ltr'><strong>tem,</strong></span> <span class='ocrx_word' id='word_1_97' title='bbox 419 1540 836 1613; x_wconf 84' lang='lat' dir='ltr'><strong>participiorum</strong></span> <span class='ocrx_word' id='word_1_98' title='bbox 880 1548 937 1595; x_wconf 91' lang='lat' dir='ltr'><strong>et</strong></span> <span class='ocrx_word' id='word_1_99' title='bbox 988 1539 1344 1612; x_wconf 87' lang='lat' dir='ltr'><strong>periodorum</strong></span> <span class='ocrx_word' id='word_1_100' title='bbox 1388 1538 1629 1592; x_wconf 86' lang='lat' dir='ltr'><strong>salebras</strong></span> 
     </span>
     <span class='ocr_line' id='line_1_18' title="bbox 236 1623 1629 1697; baseline -0.001 -18"><span class='ocrx_word' id='word_1_101' title='bbox 236 1634 672 1689; x_wconf 84' lang='lat' dir='ltr'><strong>consectantem,</strong></span> <span class='ocrx_word' id='word_1_102' title='bbox 700 1634 774 1689; x_wconf 85' lang='lat' dir='ltr'><strong>et,</strong></span> <span class='ocrx_word' id='word_1_103' title='bbox 809 1644 938 1696; x_wconf 86' lang='lat' dir='ltr'><strong>quae</strong></span> <span class='ocrx_word' id='word_1_104' title='bbox 974 1625 1274 1697; x_wconf 85' lang='lat' dir='ltr'><strong>conjuncta</strong></span> <span class='ocrx_word' id='word_1_105' title='bbox 1301 1623 1539 1686; x_wconf 90' lang='lat' dir='ltr'><strong>videam,</strong></span> <span class='ocrx_word' id='word_1_106' title='bbox 1565 1637 1629 1677; x_wconf 89' lang='lat' dir='ltr'><strong>ut</strong></span> 
     </span>
     <span class='ocr_line' id='line_1_19' title="bbox 226 1709 1631 1783; baseline -0.001 -19"><span class='ocrx_word' id='word_1_107' title='bbox 226 1710 389 1783; x_wconf 85' lang='lat' dir='ltr'><strong>jungi</strong></span> <span class='ocrx_word' id='word_1_108' title='bbox 428 1729 607 1782; x_wconf 89' lang='lat' dir='ltr'><strong>posse,</strong></span> <span class='ocrx_word' id='word_1_109' title='bbox 635 1729 748 1765; x_wconf 88' lang='lat' dir='ltr'><strong>uno</strong></span> <span class='ocrx_word' id='word_1_110' title='bbox 775 1711 995 1765; x_wconf 88' lang='lat' dir='ltr'><strong>ambitu</strong></span> <span class='ocrx_word' id='word_1_111' title='bbox 1025 1710 1414 1783; x_wconf 80' lang='lat' dir='ltr'><strong>complexam3</strong></span> <span class='ocrx_word' id='word_1_112' title='bbox 1453 1709 1631 1780; x_wconf 82' lang='lat' dir='ltr'><strong>impe·</strong></span> 
     </span>
     <span class='ocr_line' id='line_1_20' title="bbox 237 1793 1627 1856; baseline -0.001 -7"><span class='ocrx_word' id='word_1_113' title='bbox 237 1795 486 1849; x_wconf 89' lang='lat' dir='ltr'><strong>ditiorem</strong></span> <span class='ocrx_word' id='word_1_114' title='bbox 529 1795 655 1849; x_wconf 92' lang='lat' dir='ltr'><strong>ideo</strong></span> <span class='ocrx_word' id='word_1_115' title='bbox 693 1796 879 1850; x_wconf 88' lang='lat' dir='ltr'><strong>multis</strong></span> <span class='ocrx_word' id='word_1_116' title='bbox 906 1796 1083 1849; x_wconf 89' lang='lat' dir='ltr'><strong>visam</strong></span> <span class='ocrx_word' id='word_1_117' title='bbox 1124 1804 1180 1849; x_wconf 87' lang='lat' dir='ltr'><strong>et</strong></span> <span class='ocrx_word' id='word_1_118' title='bbox 1217 1793 1591 1848; x_wconf 84' lang='lat' dir='ltr'><strong>obscuriorem</strong></span> <span class='ocrx_word' id='word_1_119' title='bbox 1611 1815 1627 1856; x_wconf 79' lang='lat'><em>3</em></span> 
     </span>
     <span class='ocr_line' id='line_1_21' title="bbox 238 1878 1630 1952; baseline 0.001 -20"><span class='ocrx_word' id='word_1_120' title='bbox 238 1894 411 1950; x_wconf 89' lang='lat' dir='ltr'><strong>quam</strong></span> <span class='ocrx_word' id='word_1_121' title='bbox 461 1879 581 1952; x_wconf 90' lang='lat' dir='ltr'><strong>ipse</strong></span> <span class='ocrx_word' id='word_1_122' title='bbox 622 1880 856 1935; x_wconf 87' lang='lat' dir='ltr'><strong>subinde</strong></span> <span class='ocrx_word' id='word_1_123' title='bbox 909 1898 1165 1934; x_wconf 90' lang='lat' dir='ltr'><strong>revocare</strong></span> <span class='ocrx_word' id='word_1_124' title='bbox 1208 1878 1513 1934; x_wconf 87' lang='lat' dir='ltr'><strong>studuerim</strong></span> <span class='ocrx_word' id='word_1_125' title='bbox 1556 1879 1630 1934; x_wconf 88' lang='lat' dir='ltr'><strong>ad</strong></span> 
     </span>
     <span class='ocr_line' id='line_1_22' title="bbox 235 1963 1628 2037; baseline -0.001 -18"><span class='ocrx_word' id='word_1_126' title='bbox 235 1963 503 2020; x_wconf 87' lang='lat' dir='ltr'><strong>leniorem</strong></span> <span class='ocrx_word' id='word_1_127' title='bbox 549 1965 995 2037; x_wconf 87' lang='lat' dir='ltr'><strong>simplieitatem;</strong></span> <span class='ocrx_word' id='word_1_128' title='bbox 1045 1973 1109 2019; x_wconf 88' lang='lat' dir='ltr'><strong>ut</strong></span> <span class='ocrx_word' id='word_1_129' title='bbox 1159 1974 1349 2019; x_wconf 81' lang='lat' dir='ltr'><strong>tamen</strong></span> <span class='ocrx_word' id='word_1_130' title='bbox 1399 1981 1628 2034; x_wconf 85' lang='lat' dir='ltr'><strong>aequum</strong></span> 
     </span>
     <span class='ocr_line' id='line_1_23' title="bbox 238 2049 1630 2122; baseline 0.001 -20"><span class='ocrx_word' id='word_1_131' title='bbox 238 2067 535 2113; x_wconf 85' lang='lat' dir='ltr'><strong>censerem,</strong></span> <span class='ocrx_word' id='word_1_132' title='bbox 586 2058 933 2122; x_wconf 83' lang='lat' dir='ltr'><strong>exspectare,</strong></span> <span class='ocrx_word' id='word_1_133' title='bbox 979 2057 1061 2114; x_wconf 86' lang='lat' dir='ltr'><strong>ut,</strong></span> <span class='ocrx_word' id='word_1_134' title='bbox 1107 2050 1206 2121; x_wconf 91' lang='lat' dir='ltr'><strong>qui</strong></span> <span class='ocrx_word' id='word_1_135' title='bbox 1250 2067 1376 2104; x_wconf 91' lang='lat' dir='ltr'><strong>vere</strong></span> <span class='ocrx_word' id='word_1_136' title='bbox 1423 2049 1630 2104; x_wconf 84' lang='lat' dir='ltr'><strong>Latina</strong></span> 
     </span>
     <span class='ocr_line' id='line_1_24' title="bbox 236 2132 1627 2208; baseline 0.001 -21"><span class='ocrx_word' id='word_1_137' title='bbox 236 2133 414 2206; x_wconf 83' lang='lat' dir='ltr'><strong>legere</strong></span> <span class='ocrx_word' id='word_1_138' title='bbox 438 2135 620 2198; x_wconf 88' lang='lat' dir='ltr'><strong>vellet,</strong></span> <span class='ocrx_word' id='word_1_139' title='bbox 647 2132 897 2189; x_wconf 77' lang='lat' dir='ltr'><strong>Livianae</strong></span> <span class='ocrx_word' id='word_1_140' title='bbox 939 2151 1168 2206; x_wconf 90' lang='lat' dir='ltr'><strong>quoque</strong></span> <span class='ocrx_word' id='word_1_141' title='bbox 1200 2135 1462 2189; x_wconf 83' lang='lat' dir='ltr'><strong>orationis</strong></span> <span class='ocrx_word' id='word_1_142' title='bbox 1490 2153 1627 2208; x_wconf 84' lang='lat' dir='ltr'><strong>gna-</strong></span> 
     </span>
     <span class='ocr_line' id='line_1_25' title="bbox 235 2219 1627 2275; baseline -0.001 -1"><span class='ocrx_word' id='word_1_143' title='bbox 235 2237 324 2274; x_wconf 89' lang='lat' dir='ltr'><strong>rus</strong></span> <span class='ocrx_word' id='word_1_144' title='bbox 351 2219 655 2274; x_wconf 88' lang='lat' dir='ltr'><strong>accederet.</strong></span> <span class='ocrx_word' id='word_1_145' title='bbox 734 2219 845 2274; x_wconf 91' lang='lat' dir='ltr'><strong>Sed</strong></span> <span class='ocrx_word' id='word_1_146' title='bbox 884 2238 997 2275; x_wconf 88' lang='lat' dir='ltr'><strong>non</strong></span> <span class='ocrx_word' id='word_1_147' title='bbox 1035 2219 1272 2274; x_wconf 87' lang='lat' dir='ltr'><strong>imitatio</strong></span> <span class='ocrx_word' id='word_1_148' title='bbox 1312 2219 1481 2274; x_wconf 91' lang='lat' dir='ltr'><strong>modo</strong></span> <span class='ocrx_word' id='word_1_149' title='bbox 1521 2219 1627 2275; x_wconf 91' lang='lat' dir='ltr'><strong>dif-</strong></span> 
     </span>
     <span class='ocr_line' id='line_1_26' title="bbox 234 2303 1627 2376; baseline 0.001 -20"><span class='ocrx_word' id='word_1_150' title='bbox 234 2303 468 2358; x_wconf 86' lang='lat' dir='ltr'><strong>ficilioris</strong></span> <span class='ocrx_word' id='word_1_151' title='bbox 513 2305 773 2359; x_wconf 82' lang='lat' dir='ltr'><strong>orationis</strong></span> <span class='ocrx_word' id='word_1_152' title='bbox 827 2304 961 2358; x_wconf 90' lang='lat' dir='ltr'><strong>mihi</strong></span> <span class='ocrx_word' id='word_1_153' title='bbox 1013 2304 1248 2376; x_wconf 87' lang='lat' dir='ltr'><strong>placuit,</strong></span> <span class='ocrx_word' id='word_1_154' title='bbox 1298 2305 1395 2359; x_wconf 86' lang='lat' dir='ltr'><strong>sed</strong></span> <span class='ocrx_word' id='word_1_155' title='bbox 1447 2305 1627 2359; x_wconf 87' lang='lat' dir='ltr'><strong>multo</strong></span> 
     </span>
     <span class='ocr_line' id='line_1_27' title="bbox 235 2388 1628 2462; baseline 0.001 -20"><span class='ocrx_word' id='word_1_156' title='bbox 235 2388 408 2460; x_wconf 84' lang='lat' dir='ltr'><strong>magis</strong></span> <span class='ocrx_word' id='word_1_157' title='bbox 429 2390 818 2460; x_wconf 76' lang='lat' dir='ltr'><strong>interpretatio,</strong></span> <span class='ocrx_word' id='word_1_158' title='bbox 840 2390 933 2443; x_wconf 91' lang='lat' dir='ltr'><strong>cui</strong></span> <span class='ocrx_word' id='word_1_159' title='bbox 963 2389 1125 2443; x_wconf 86' lang='lat' dir='ltr'><strong>latior</strong></span> <span class='ocrx_word' id='word_1_160' title='bbox 1150 2407 1386 2462; x_wconf 89' lang='lat' dir='ltr'><strong>campus</strong></span> <span class='ocrx_word' id='word_1_161' title='bbox 1411 2398 1468 2443; x_wconf 87' lang='lat' dir='ltr'><strong>et</strong></span> <span class='ocrx_word' id='word_1_162' title='bbox 1495 2407 1628 2462; x_wconf 84' lang='lat' dir='ltr'><strong>ope-</strong></span> 
     </span>
     <span class='ocr_line' id='line_1_28' title="bbox 235 2472 1627 2547; baseline 0.001 -20"><span class='ocrx_word' id='word_1_163' title='bbox 235 2472 403 2528; x_wconf 81' lang='lat' dir='ltr'><strong>rosior</strong></span> <span class='ocrx_word' id='word_1_164' title='bbox 454 2482 646 2546; x_wconf 87' lang='lat' dir='ltr'><strong>pateat</strong></span> <span class='ocrx_word' id='word_1_165' title='bbox 702 2493 800 2547; x_wconf 89' lang='lat' dir='ltr'><strong>per</strong></span> <span class='ocrx_word' id='word_1_166' title='bbox 837 2473 1161 2538; x_wconf 83' lang='lat' dir='ltr'><strong>difficiliora,</strong></span> <span class='ocrx_word' id='word_1_167' title='bbox 1216 2473 1420 2546; x_wconf 90' lang='lat' dir='ltr'><strong>quibus</strong></span> <span class='ocrx_word' id='word_1_168' title='bbox 1466 2474 1627 2529; x_wconf 79' lang='lat' dir='ltr'><strong>intel·</strong></span> 
     </span>
     <span class='ocr_line' id='line_1_29' title="bbox 234 2557 1627 2632; baseline 0.001 -21"><span class='ocrx_word' id='word_1_169' title='bbox 234 2557 468 2629; x_wconf 83' lang='lat' dir='ltr'><strong>ligendis</strong></span> <span class='ocrx_word' id='word_1_170' title='bbox 505 2558 673 2612; x_wconf 87' lang='lat' dir='ltr'><strong>etiam</strong></span> <span class='ocrx_word' id='word_1_171' title='bbox 713 2558 992 2613; x_wconf 86' lang='lat' dir='ltr'><strong>auditores</strong></span> <span class='ocrx_word' id='word_1_172' title='bbox 1039 2577 1192 2614; x_wconf 88' lang='lat' dir='ltr'><strong>meos</strong></span> <span class='ocrx_word' id='word_1_173' title='bbox 1232 2558 1483 2631; x_wconf 86' lang='lat' dir='ltr'><strong>subigere</strong></span> <span class='ocrx_word' id='word_1_174' title='bbox 1532 2577 1627 2632; x_wconf 84' lang='lat' dir='ltr'><strong>ge·</strong></span> 
     </span>
     <span class='ocr_line' id='line_1_30' title="bbox 235 2642 1625 2715; baseline 0.001 -20"><span class='ocrx_word' id='word_1_175' title='bbox 235 2644 416 2696; x_wconf 86' lang='lat' dir='ltr'><strong>stiam.</strong></span> <span class='ocrx_word' id='word_1_176' title='bbox 463 2691 466 2694; x_wconf 84' lang='lat'>.</span> <span class='ocrx_word' id='word_1_177' title='bbox 497 2642 650 2705; x_wconf 84' lang='lat' dir='ltr'><strong>Quid</strong></span> <span class='ocrx_word' id='word_1_178' title='bbox 679 2643 897 2707; x_wconf 86' lang='lat' dir='ltr'><strong>mirum,</strong></span> <span class='ocrx_word' id='word_1_179' title='bbox 927 2644 972 2697; x_wconf 92' lang='lat' dir='ltr'><strong>si</strong></span> <span class='ocrx_word' id='word_1_180' title='bbox 1010 2652 1067 2698; x_wconf 88' lang='lat' dir='ltr'><strong>et</strong></span> <span class='ocrx_word' id='word_1_181' title='bbox 1101 2643 1422 2715; x_wconf 71' lang='lat' dir='ltr'><strong>Thucydidis</strong></span> <span class='ocrx_word' id='word_1_182' title='bbox 1448 2643 1625 2697; x_wconf 86' lang='lat' dir='ltr'><strong>oratio</strong></span> 
     </span>
     <span class='ocr_line' id='line_1_31' title="bbox 236 2726 1629 2802; baseline 0.002 -21"><span class='ocrx_word' id='word_1_183' title='bbox 236 2727 449 2800; x_wconf 86' lang='lat' dir='ltr'><strong>placuit</strong></span> <span class='ocrx_word' id='word_1_184' title='bbox 492 2727 585 2782; x_wconf 87' lang='lat' dir='ltr'><strong>illa</strong></span> <span class='ocrx_word' id='word_1_185' title='bbox 635 2728 995 2784; x_wconf 86' lang='lat' dir='ltr'><strong>similitudine</strong></span> <span class='ocrx_word' id='word_1_186' title='bbox 1033 2728 1392 2802; x_wconf 84' lang='lat' dir='ltr'><strong>impeditioris</strong></span> <span class='ocrx_word' id='word_1_187' title='bbox 1431 2726 1629 2785; x_wconf 78' lang='lat' dir='ltr'><strong>obscu-</strong></span> 
     </span>
    </p>
   </div>
  </div>
 </body>
</html>
