1774 3106
846 144 977 202 xviii

320 276 441 316 attera
458 277 596 316 Siciliae
613 288 661 315 ex
675 276 854 315 Cluverio
871 277 1004 326 petita.
1032 274 1080 313 In
1097 275 1200 314 calce
1216 274 1405 325 leguntur
1424 273 1480 323 (p.
1498 271 1607 317 530.)

240 362 254 373 -
329 342 418 378 Geo.
439 342 573 379 ‘Aeacii
597 339 781 390 Epitome
800 339 983 377 Historiae
1000 338 1187 388 Thueyd„
1212 338 1352 375 Veratii
1369 332 1611 386 Argumenta

247 427 251 434 ‚
324 405 559 442 concionum
591 405 646 452 (p.
666 404 787 450 532),
816 403 1001 451 Stephani
1033 402 1311 451 Proparasceve
1338 404 1379 437 et
1407 400 1613 445 Annotatt.

322 467 366 504 in
392 467 516 505 Thuc.
543 466 661 516 atq'ue
688 466 775 503 Seh.
796 469 851 515 (p.
873 465 999 511 538.)‚
1017 464 1224 514 Appendix
1250 474 1347 502 varr.
1366 463 1471 501 lectt.
1489 461 1609 500 Co'dd.

225 553 233 572 2
267 553 269 555 -
287 565 293 572 ,
314 529 556 570 Clarendon-
577 534 618 566 et
636 529 829 566 Graeviani
849 531 903 576 (p.
922 527 1048 570 598.)„
1066 526 1232 576 denique
1251 526 1414 564 Indices.
1482 528 1488 534 '

272 587 656 635 Θουκυδίδου-Βιζλίοι
668 589 765 628 bxv-A.
792 589 1026 638 Thucydidis
1043 589 1091 626 de
1108 588 1210 626 bello
1227 588 1360 638 Pelop.
1380 587 1490 627 Libri
1505 590 1609 626 octo,

221 690 231 700 .
296 681 299 684 »
324 652 747 691 cum-adnotationibus
773 652 936 702 integris
961 651 1077 688 Henr.
1098 650 1280 699 Stephani
1294 655 1335 688 et
1352 650 1489 688 Joarm.
1503 649 1611 686 Hud-

323 717 416 752 soni.
461 715 670 752 Recensuit
694 719 734 751 et
762 719 872 751 notas
890 725 978 751 suas
995 712 1142 750 addidit
1158 713 1309 762 Joeeph.
1330 713 1464 750 Wasse.
1518 711 1614 748 Edi-

327 778 475 814 tionem
492 771 653 819 curavit,
680 788 842 826 suasque
861 775 1210 814 animadversiones
1226 773 1368 822 adjecit
1388 776 1472 813 Car.
1491 776 1611 813 Andr.

329 841 534 878 Dukeruss
564 841 664 877 Cum
684 840 796 876 variis
820 838 1167 881 dissertationibus,
1186 838 1369 876 MSCtor.
1394 837 1611 876 collationi-

321 903 394 940 bus
411 909 452 939 et
479 901 669 942 indicibus
697 902 804 939 novis
828 901 1150 950 locupletissimis,
1202 899 1612 950 Amstelaedamiapud

324 966 372 1004 R.
390 971 431 1011 et
447 965 484 1002 J.
503 964 740 1001 Wetstenios
753 970 794 1001 et
811 964 902 1002 Gul.
927 964 1068 1001 Smith.
1083 962 1388 1002 MDCCXXXI.
1405 963 1474 1002 fol.

375 1029 508 1070 Quum
536 1027 763 1064 Wetsteniis
789 1028 958 1077 primum
983 1027 1188 1077 placuisset
1213 1038 1292 1064 non
1311 1026 1386 1065 nisi
1411 1026 1612 1064 Oxonien-

323 1103 406 1130 sem
424 1091 648 1133 editionem,
667 1097 822 1129 auctam
851 1098 981 1128 tamen
1009 1096 1198 1140 repetere,
1218 1102 1414 1141 quumque
1429 1089 1614 1129 Dukerus

321 1165 403 1193 non
430 1155 511 1202 ipse
537 1154 815 1199 constituisset,
833 1154 1061 1202 scriptorem
1091 1165 1303 1197 recensere,
1321 1153 1389 1192 sed
1406 1165 1432 1190 a
1447 1153 1612 1191 librariis

321 1219 371 1256 ad
381 1229 517 1255 curam
534 1228 643 1254 novae
656 1217 836 1254 editionis
850 1217 1135 1266 suscipiendam
1149 1224 1304 1255 vocatus
1317 1223 1429 1259 esset,
1441 1229 1522 1255 non
1537 1218 1611 1255 mi-

322 1279 490 1318 randum
515 1279 604 1322 fuit,
620 1279 662 1316 in
688 1279 930 1317 emendanda
953 1280 1128 1317 oratione
1153 1291 1281 1330 graeca
1298 1280 1397 1318 nihil
1412 1292 1495 1317 esse
1508 1292 1611 1330 prae-

317 1343 471 1383 stitum,
489 1348 606 1391 atque
634 1341 759 1379 multa
784 1353 867 1379 oese
892 1342 1027 1380 futuro
1053 1342 1194 1380 editori
1211 1342 1356 1381 relicta.
1411 1343 1609 1382 Caeterum

321 1404 458 1454 negari
476 1415 557 1441 non
575 1403 715 1452 potuit,
735 1415 916 1453 superare
930 1405 1029 1442 hanc
1047 1405 1259 1443 editionem
1276 1406 1492 1454 superiores
1511 1418 1610 1455 prae·

236 1508 241 1509 ⁷
319 1467 510 1504 sidiorum
537 1466 586 1504 ad
612 1466 736 1504 Thuc.
763 1467 906 1505 rectius
936 1468 993 1506 vei
1019 1467 1308 1506 emendandum
1337 1470 1396 1521 vel
1413 1471 1610 1520 explican-

319 1530 417 1568 dum
447 1528 701 1567 multitudine
726 1533 767 1567 et
790 1530 970 1567 utilitate.
1025 1530 1130 1568 Nam
1163 1530 1256 1580 quid
1285 1538 1466 1581 praestare
1495 1533 1604 1573 Duk.

322 1593 506 1643 potuerit,
527 1592 627 1630 bene
643 1592 773 1630 docuit
793 1592 929 1630 Samius
945 1593 987 1630 in
1007 1593 1153 1631 laudat.
1171 1593 1324 1632 Dukeri
1339 1607 1378 1644 p.
1393 1598 1456 1636 32.
1474 1608 1506 1634 s.

357 1649 433 1693 cf.
450 1655 548 1694 Acta
567 1655 715 1694 Erudd.
739 1659 852 1701 1732..
878 1668 917 1706 p.
940 1660 972 1694 1.
989 1668 1038 1694 ss.
1091 1655 1196 1694 Bibl.
1224 1658 1426 1697 raisonnee
1453 1659 1500 1699 Τ.
1518 1660 1607 1699 vn.

321 1715 366 1754 P.
386 1715 419 1754 1.
437 1729 475 1766 p.
496 1720 583 1756 126.
597 1729 646 1755 ss.

234 1822 257 1833 ,Α
371 1778 526 1818 Recusa
555 1785 614 1818 est
642 1780 797 1820 Dukeri
827 1782 949 1819 editio
973 1782 1143 1831 primum
1177 1782 1360 1833 Glasguae
1395 1788 1510 1827 17⁵8.
1538 1798 1608 1837 per

316 1839 418 1880 Rob.
437 1846 477 1879 et
494 1842 615 1882 Andr.
634 1843 764 1881 Foulis
782 1844 893 1882 VIII.
915 1845 1003 1883 voll.
1023 1848 1062 1883 8.
1081 1850 1166 1883 tum
1183 1845 1369 1895 Biponti:

377 1905 600 1954 Thucydidis
617 1906 666 1944 de
682 1906 786 1945 bello
803 1907 936 1958 Pelop.
955 1908 1066 1946 Libri
1083 1908 1193 1946 VIII.
1211 1920 1338 1958 graece
1359 1914 1400 1947 et
1417 1910 1538 1954 latine
1555 1911 1607 1949 ad

316 1967 530 2006 editionem
557 1969 637 2006 Jos.
658 1968 791 2008 Wasse
824 1975 864 2008 et
895 1971 982 2009 Car.
1011 1970 1134 2008 Andr.
1165 1970 1317 2009 Dukeri
1339 1979 1518 2011 aceumte
1536 1986 1605 2012 ex-

239 2068 256 2074 ,⁷
315 2031 451 2082 pressi,
468 2042 559 2070 cum
588 2031 774 2071 varietate
791 2033 977 2070 'lectionis
1002 2040 1042 2070 et
1070 2033 1401 2072 annotationibus.
1456 2035 1602 2075 Studiis

243 2122 247 2136 2
315 2093 510 2132 societatis
534 2093 770 2145 Bipontinae.
796 2094 971 2146 Biponti,
1000 2108 1049 2135 ex
1075 2103 1153 2147 typ.
1179 2096 1271 2159 Soc.
1302 2099 1420 2141 1788.
1443 2101 1508 2139 89.
1529 2098 1598 2136 VI.

317 2158 407 2196 voll.
421 2161 459 2195 8.

369 2220 464 2258 Non
477 2221 570 2274 satis
587 2222 791 2261 commode
817 2222 884 2261 illa
908 2223 1028 2260 editio
1054 2227 1113 2260 est
1129 2176 1598 2274 descripta.Sepa1-atim

316 2282 452 2324 Graeca
467 2295 559 2323 cum
586 2285 651 2323 lat.
670 2286 843 2324 versione
869 2286 1115 2331 exhibentur,
1133 2291 1353 2337 sequuntur
1378 2288 1516 2339 cuique
1533 2300 1599 2326 vo-

308 2345 455 2395 flumini
470 2344 645 2395 subjecta
662 2348 785 2394 variae,
799 2348 986 2387 lectiones
1004 2353 1044 2386 et
1061 2348 1341 2387 adnotationes.
1386 2349 1597 2389 Volumine

242 2460 245 2464 ¹
275 2459 281 2464 ἰ
295 2439 301 2445 .
314 2407 453 2463 quinto
469 2410 719 2448 continentur
731 2410 848 2460 etiam
860 2410 1018 2453 scholia,
1031 2415 1072 2448 et
1084 2417 1194 2449 sexto
1207 2411 1408 2450 Annotatt.
1423 2411 1466 2450 in
1476 2412 1599 2452 Schu-

283 2516 286 2523 .
314 2469 381 2514 lia,
398 2482 490 2511 cum
502 2470 712 2511 ludicibus.

355 2532 634 2585 Dukerianam
659 2536 810 2587 excepit
833 2511 977 2581 nostra,
991 2535 1040 2574 de
1057 2533 1171 2584 cnjus
1188 2537 1432 2576 rationibus
1421 2549 1465 2576 m
1480 2539 1590 2589 praef.

307 2578 514 2650 utriusque
532 2597 606 2635 vol.
623 2597 771 2637 dictum
790 2605 870 2641 est.

261 2658 344 2697 Nic.
363 2656 614 2697 Btancardum
630 2660 750 2700 etiam
768 2640 908 2701 novam
933 2662 1145 2701 editionem
1161 2662 1284 2701 Thuc.
1301 2662 1486 2704 molitum
1501 2675 1584 2703 esse

308 2725 728 2830 1ιιί.(ἶῶΕειιΙιειιὺᾳοΙιὶιω
747 2732 909 2768 testatur
926 2729 968 2768 in
985 2729 1094 2780 epist.
1111 2730 1156 2768 in
1172 2728 1405 2768 &hellam-nii
1429 2731 1583 2772 Amoen.

339 2793 368 2827 tt
463 2789 498 2826 V
526 2802 553 2841 p
581 2794 654 2832 195
