1774 3106
910 98 947 136 x

230 209 412 281 ipsam
446 208 622 265 verbis
665 208 908 265 Doctiss.
954 209 1234 276 Matthaei,
1259 211 1347 266 'ad
1385 230 1476 268 me
1513 210 1615 268 hu·

231 296 465 351 maniter
492 297 870 370 perscriptam.

492 387 527 411 ‘⁶
559 379 782 435 Notitia
807 381 1043 437 Codicis.
1073 382 1351 456 (Mosqu.)

303 468 337 493 “
369 462 626 518 Servatur
670 484 821 519 nunc
862 467 919 519 in
963 467 1300 522 bibliotheca
1340 468 1617 522 sanctissi-

230 563 338 601 mae
378 546 589 617 Synodi
629 548 1004 621 MosquensiS‚
1035 562 1250 624 estque,
1277 571 1486 616 eorum,
1514 553 1614 624 qui

228 636 361 685 sunt
385 632 441 684 in
469 632 643 686 forma
670 634 881 706 majori,
908 634 1204 690 CCXVII.
1283 637 1413 690 Fuit
1440 655 1618 708 quon-

229 715 362 770 dam
390 718 444 770 in
473 719 809 774 bibliotheca
835 720 1077 775 Maximi
1106 722 1407 795 Margunii,
1439 720 1616 776 {oi-1526-

228 822 315 852 που
347 803 568 875 affligam,
607 813 672 859 ut
706 806 824 877 ipse
860 825 960 860 sua
1005 826 1175 860 manu
1221 808 1448 862 notavit.
1529 807 1618 862 Eo

229 893 450 940 mortuo
489 906 619 941 cum
662 890 779 943 aliis
820 889 962 944 illius
1007 891 1155 945 libris
1200 893 1494 946 translatus
1535 902 1619 947 est

227 969 287 1023 in
315 974 709 1027 monasterium
737 975 940 1029 montis
980 976 1162 1030 Athus
1203 976 1511 1041 Iberorum,
1549 995 1616 1031 ac

227 1054 472 1127 denique
500 1070 764 1131 regnante
792 1059 943 1114 Petri
973 1060 1056 1114 M.
1093 1069 1249 1135 patre
1289 1062 1615 1134 Mosquam.

231 1139 637 1213 Complectitur
663 1144 793 1197 folia
819 1144 1018 1199 CCLI.
1050 1155 1248 1218 estque
1274 1147 1615 1201 chartaceus

231 1222 481 1297 Scriptus
506 1227 723 1282 videtur
750 1229 805 1282 in
834 1229 998 1283 Italia
1023 1230 1250 1285 ineunte
1273 1232 1460 1286 seculo
1486 1231 1615 1284 XV.

228 1311 478 1364 continet
516 1310 798 1366 historiam
825 1312 1167 1383 Thucydidis
1211 1334 1336 1369 cum
1382 1315 1617 1379 scholiis,

228 1395 476 1467 ejusdem
518 1396 708 1461 vitam,
750 1416 878 1468 quae
915 1398 970 1451 in
1017 1398 1170 1453 Edit.
1203 1400 1390 1454 Duck.
1419 1401 1617 1473 legitur

229 1498 286 1552 p.
322 1486 404 1534 10.
437 1488 520 1535 11.
554 1488 636 1535 12.
677 1483 1100 1555 epigrammata,
1129 1503 1257 1556 quae
1297 1485 1505 1540 ibidem
1543 1487 1620 1539 le·

229 1574 438 1638 guntur
473 1585 527 1638 p.
561 1573 624 1620 12
653 1575 710 1622 et
742 1574 826 1628 17.
867 1587 971 1621 nec
1011 1587 1122 1622 non
1167 1569 1424 1639 Dionysii
1465 1570 1618 1643 Hali-

231 1652 597 1705 carnassensis
638 1652 717 1723 (in
747 1651 884 1705 Cod.
914 1654 1310 1726 ἀλικαςνασεωω)
1351 1655 1618 1710 libellum,

228 1736 325 1808 weg)
353 1739 436 1788 τῶν
473 1735 746 1789 θουκυδίδου
785 1736 1050 1807 ἰδιωμάτων.
1131 1738 1241 1792 Hic
1283 1740 1497 1794 libellus
1537 1750 1619 1794 ta-

230 1839 360 1874 men
397 1821 505 1874 fine
531 1833 699 1874 carct.
778 1820 1000 1877 Desinit
1039 1823 1186 1876 enim
1235 1824 1286 1876 in
1335 1826 1618 1880 vocabulis

228 1903 482 1977 παξομοῖων
519 1906 601 1957 καὶ
641 1906 919 1978 παρισώσεων
959 1926 1012 1979 p.
1046 1907 1166 1962 136.
1194 1927 1329 1961 vers.
1355 1914 1444 1964 35.
1483 1910 1616 1964 edit.

231 1988 483 2062 Sylburg.
563 1989 632 2042 In
685 1990 956 2062 principio
1008 2002 1065 2046 et
1114 1992 1172 2045 in
1222 1993 1329 2046 fine
1381 1993 1617 2049 historiae

230 2073 573 2143 Thucydidis
613 2075 895 2147 adscripta
925 2084 1056 2130 sunt
1099 2078 1365 2131 nonnulla
1397 2077 1617 2133 Scholia

228 2159 287 2213 in
313 2159 652 2231 marginibus
680 2178 714 2212 a
740 2179 909 2214 manu
938 2162 1239 2215 recentiori.
1297 2162 1390 2215 Ab
1416 2164 1614 2218 eadem

229 2261 402 2296 manu
445 2252 572 2315 post
618 2243 784 2298 finem
836 2245 1073 2298 historiae
1124 2245 1180 2298 in
1234 2247 1484 2318 proxime
1534 2267 1616 2302 se-

232 2327 428 2398 quenti
455 2327 584 2381 folio
611 2327 730 2382 haec
759 2337 893 2402 nota
927 2329 1225 2402 reperitur:
1264 2331 1492 2392 Ἀντώνιος
1529 2355 1612 2403 με-

229 2408 459 2471 διολανεὺς
501 2411 605 2484 κξὴς
648 2411 699 2466 τὸ
730 2411 852 2479 ’γένος
885 2413 947 2467 τοὶ
991 2413 1138 2466 ἐνόντα
1179 2414 1324 2487 ταύτῃ
1364 2420 1420 2488 τῇ
1457 2416 1615 2487 βίζλῳ

229 2494 412 2567 σχόλια
438 2494 663 2556 ἒνὲθηκε.”
795 2564 799 2566 q

306 2580 384 2635 Et
414 2579 574 2653 hujus
614 2599 743 2653 ergo
771 2580 990 2636 Codicis
1020 2582 1201 2637 Lectt.
1230 2583 1283 2636 V
1287 2602 1359 2636 ar.
1389 2584 1612 2657 reliquis

223 2682 324 2719 sex
350 2664 499 2720 libris
525 2665 806 2737 adscripsi.
885 2664 1129 2720 Omnino
1156 2675 1344 2721 tamen
1384 2686 1612 2724 monue-
