1774 3106
879 97 970 152 xiv

225 227 423 266 conlatum
452 230 611 265 nactum
637 238 733 268 esse,
760 231 800 264 et
826 239 875 265 ex
901 238 949 264 eo
970 223 1208 285 cognovisse,
1227 223 1403 276 quaedam
1428 221 1542 260 aliter
1571 220 1613 258 in

223 289 325 335 MS,
353 287 467 338 cujus
493 289 723 340 scripturam
749 290 813 327 hic
845 290 1016 333 exhibui,
1034 290 1127 340 legi,
1146 300 1261 339 quam
1288 299 1311 324 e
1331 287 1482 324 Cumer.
1501 283 1614 322 Hud-

227 364 346 391 sonus
371 353 590 396 adnotarat,
620 358 661 390 et
690 364 767 403 ego
788 364 838 390 ex
864 352 1069 402 Excerptis
1095 352 1169 389 illis
1196 351 1239 388 in
1271 349 1359 388 Var.
1385 347 1615 408 lectionibus

225 417 490 467 scripseram?

277 478 328 516 In
355 483 488 516 nostra
513 477 573 516 ed.
602 477 743 516 codicis
768 477 952 515 lectiones
977 488 1069 515 cum
1087 476 1236 528 reliqua
1258 476 1444 514 varietate
1461 470 1615 520 juncta

226 539 425 591 leguntur.

281 604 474 642 Parisinos
498 601 646 640 codicoe
662 602 833 639 fortassis
851 599 975 638 Henr.
995 600 1214 650 Stephanus
1240 590 1447 636 consuluit.
1500 597 1617 634 Certe

330 667 375 705 in
388 678 448 715 ep.
467 666 603 715 primae
620 663 782 701 editioni
809 663 1004 712 praemissa
1021 674 1060 698 se
1077 661 1171 699 dicit
1188 667 1364 698 veterum
1379 658 1491 697 codd.
1508 658 1619 696 lecti-

331 728 473 766 onibus
498 725 771 777 conquirendis
795 736 930 762 curam
958 728 998 760 et
1021 723 1265 773 diligentiam
1282 723 1492 773 maximam
1508 720 1620 758 adhi-

331 789 573 828 buisse.1n
603 787 772 825 secunda
793 793 924 825 autem
951 786 1042 823 edit.
1069 797 1151 823 non
1177 785 1285 822 novis
1305 783 1416 822 codd.
1434 783 1620 833 praesidii·

331 865 427 891 usus
444 864 525 890 ωδε
542 851 705 889 videtur.

282 916 480 954 Parisinus
497 913 582 952 cod,
603 926 642 952 n.
659 917 776 951 3044.
795 910 906 960 cujus
922 913 1029 950 lectt
1054 923 1146 949 cum
1172 909 1338 949 Dukero
1354 909 1617 948 communica-

335 978 392 1016 vit
408 974 660 1019 Wetstenius.

284 1041 445 1080 Codices
457 1041 633 1089 Anglicos
650 1039 753 1077 haud
771 1038 1048 1088 perfunctorie,
1066 1037 1133 1074 sed
1151 1047 1294 1086 magna
1310 1048 1400 1074 cum
1417 1011 1618 1086 diligentia

253 1120 258 1123 ·
334 1116 376 1143 ee
392 1104 600 1144 contulisse
618 1102 712 1140 dicit
739 1101 963 1139 Hudsonus.
1016 1100 1116 1138 Sunt
1142 1106 1273 1138 autem
1301 1099 1366 1136 hi·
1397 1111 1498 1137 unus
1525 1099 1617 1137 bibl.

334 1166 596 1206 Norfolcianae
610 1182 621 1211 3
651 1166 750 1204 alter
766 1165 858 1203 bibl.
875 1165 973 1202 Coll.
991 1165 1107 1214 Corp.
1121 1164 1265 1202 Christi
1279 1163 1406 1200 Oxou.
1425 1163 1491 1213 qui
1510 1163 1620 1212 Clay·

337 1229 473 1268 mondi
498 1229 612 1278 primi
641 1228 812 1278 praesidis
838 1228 933 1265 olim
959 1226 1110 1272 fuerat5
1146 1227 1296 1269 tertius,
1323 1226 1391 1276 qui
1415 1226 1620 1264 conciones

335 1296 493 1331 tantum
517 1291 803 1340 complectitur,
820 1290 914 1328 bibl.
931 1289 1177 1328 Baroocianae
1191 1304 1203 1335 ;
1223 1293 1381 1339 quartus
1399 1287 1493 1326 bibl.
1510 1288 1619 1326 Hen-

335 1354 409 1393 rici
433 1365 534 1391 com.
565 1353 844 1391 Clarendoniae.
896 1351 960 1389 De
985 1355 1100 1389 aetate
1126 1355 1167 1388 et
1193 1349 1324 1388 indole
1354 1361 1493 1389 eorum
1522 1350 1620 1389 nihil

339 1418 506 1456 monuit.
570 1442 572 1444 v

284 1479 437 1521 Habuit
460 1479 565 1517 idem
590 1479 765 1518 codicem
791 1479 1051 1522 chartaceum,
1069 1489 1198 1528 quem,
1227 1478 1318 1528 quia
1345 1478 1529 1515 Graevius·
1545 1477 1619 1517 mi·

338 1545 455 1585 serat,
478 1541 712 1579 Graevianum
729 1540 922 1589 appellat,
913 1556 921 1563 ·
952 1539 1122 1589 possedit
1147 1544 1280 1576 autem
1308 1544 1394 1576 tum
1411 1538 1516 1576 Guil.
1534 1549 1619 1576 van.

338 1604 460 1647 Cleef,
478 1615 681 1641 causarum
707 1608 908 1652 patronus,
927 1603 994 1653 qui
1019 1614 1110 1640 eum
1127 1601 1296 1640 deinde'
1285 1614 1328 1639 m
1352 1602 1544 1650 publicam
1564 1602 1620 1646 bi-

337 1667 572 1705 bliothecam
595 1664 843 1713 Trajectinam
861 1666 1005 1703 intulit.
1061 1665 1166 1704 Eum
1184 1665 1311 1703 multo
1336 1664 1590 1735 diligentius
1580 1676 1621 1706 ιιι

338 1741 453 1766 usum
470 1741 548 1766 suae
565 1728 658 1766 edit.
674 1727 849 1765 adhibuit
869 1726 1068 1766 Dukerus.

287 1791 422 1830 Codex
449 1790 677 1828 cassellanus
703 1789 877 1840 bombyc.
894 1801 980 1827 saec.
997 1789 1112 1827 X111.
1138 1802 1163 1827 a
1178 1788 1342 1827 Dukero
1359 1790 1534 1833 collatus,
1549 1791 1620 1841 qui

338 1856 383 1893 in
413 1854 519 1904 praef.
550 1852 736 1891 videndus
759 1858 828 1890 est.
882 1852 984 1891 Add.
1013 1852 1212 1890 Schminke
1234 1853 1527 1904 Beschreibung
1551 1853 1621 1892 der

298 1963 300 1965 .
341 1915 584 1966 Hauptstadt
600 1915 728 1954 eassel
743 1928 782 1965 p.
798 1918 889 1953 206.
906 1927 956 1952 ss.

288 1975 421 2019 Codex
449 1979 683 2022 Haunianae,
709 1989 794 2016 saec.
823 1977 933 2015 XIV.
951 1980 997 2015 ut
1016 1976 1169 2014 videtur
1193 1977 1370 2027 scriptus,
1388 1978 1455 2016 sed
1481 1979 1549 2022 ita,
1576 1983 1622 2016 ut

339 2042 431 2081 inde
447 2055 472 2080 a
495 2036 623 2080 medio
647 2040 748 2079 libro
765 2041 904 2091 quinto
919 2040 1114 2078 recentior
1131 2051 1268 2078 manus
1286 2051 1376 2078 eum
1393 2041 1620 2083 exaraverit,

343 2109 473 2143 emtus
503 2103 674 2141 Venetiis
702 2114 736 2140 a.
758 2105 871 2142 1699.
889 2113 913 2139 a
929 2101 1040 2140 Fred.
1066 2101 1323 2151 Rostgaardo,
1348 2102 1486 2150 Dano3
1509 2100 1621 2151 cujus

340 2166 525 2204 lectiones
542 2164 765 2204 Grammius
781 2164 831 2203 ad
847 2163 1055 2202 Dukerum
1073 2164 1189 2202 misit.

294 2229 575 2267 vindobonensis
599 2227 734 2271 codex,
752 2227 855 2265 inter
880 2226 990 2265 codd.
1016 2227 1150 2264 histor.
1175 2238 1292 2277 graec.
1319 2227 1410 2266 bibl.
1438 2228 1622 2266 Caesareae

340 2303 381 2330 n.
399 2290 596 2328 XXXIII.
623 2289 727 2328 unde
740 2289 862 2328 varias
879 2289 1063 2326 lectiones
1080 2289 1239 2330 Alterus
1256 2291 1458 2340 excerpsit.
1510 2290 1621 2335 idem

342 2354 508 2391 contulit
529 2353 637 2390 locos
652 2352 687 2389 T
690 2352 824 2402 hucyd
841 2364 865 2390 a
881 2352 1036 2390 Stobaeo
1052 2351 1227 2390 laudatos
1244 2364 1336 2391 cum
1352 2352 1438 2395 cod.
1454 2351 1621 2392 Vindob.

338 2415 485 2454 stobaei
501 2415 604 2453 inter
621 2414 742 2452 Codd.
760 2414 1003 2464 philosophh.
1020 2426 1135 2464 graec.
1154 2414 1205 2455 N.
1221 2414 1386 2461 LXVII.

289 2478 450 2517 Codices
465 2478 702 2528 Augustanus
726 2483 765 2513 et
786 2476 1026 2526 Mosquensis,
1045 2488 1211 2528 quorum
1227 2477 1340 2516 variae
1356 2478 1462 2516 lectt.
1480 2478 1522 2515 in
1550 2461 1621 2517 hac

342 2540 434 2579 edit.
451 2541 648 2590 leguntur.
693 2552 725 2576 v.
746 2538 853 2588 piaef.
867 2539 913 2576 'I-
935 2540 966 2577 l.

292 2602 355 2649 De
373 2603 510 2640 ceteris
527 2601 636 2640 codd.
665 2601 837 2638 nondum
858 2607 1035 2639 accurate
1052 2602 1234 2640 consultis
1253 2615 1286 2642 v.
1305 2603 1385 2640 Cel.
1404 2601 1553 2642 Harles.
1570 2603 1619 2642 ad

343 2665 490 2704 Fabric.
504 2665 550 2702 B.
566 2666 633 2702 Gr.
651 2664 697 2701 T.
716 2663 768 2701 11.
793 2676 829 2713 p.
849 2667 941 2707 7²29.
994 2665 1091 2705 Add.
1110 2666 1259 2714 Mosell.
1276 2666 1324 2705 V.
1337 2666 1381 2705 C.
1401 2665 1500 2706 Bibl.
1519 2673 1619 2716 msto

339 2739 401 2787 gr.
417 2732 457 2766 et
473 2728 539 2767 lat.
564 2726 696 2778 (Vcn.)
719 2726 764 2766 T.
781 2725 813 2764 1.
832 2738 868 2776 p.
885 2730 974 2769 237.
